<?xml version="1.0" encoding="UTF-8"?><record xmlns="http://www.loc.gov/MARC21/slim" xmlns:cinclude="http://apache.org/cocoon/include/1.0" xmlns:zs="http://www.loc.gov/zing/srw/">
  <leader>00372nz  a2200133n  4500</leader>
  <controlfield tag="001">n  96038098 </controlfield>
  <controlfield tag="003">DLC</controlfield>
  <controlfield tag="005">19960418110646.4</controlfield>
  <controlfield tag="008">960418n| acannaab|          |a aaa |||  </controlfield>
  <datafield tag="010" ind1=" " ind2=" ">
    <subfield code="a">n  96038098 </subfield>
  </datafield>
  <datafield tag="040" ind1=" " ind2=" ">
    <subfield code="a">DLC</subfield>
    <subfield code="c">DLC</subfield>
  </datafield>
  <datafield tag="100" ind1="1" ind2="0">
    <subfield code="a">Trucco, Terry.</subfield>
    <subfield code="t">Where to find it</subfield>
  </datafield>
  <datafield tag="400" ind1="1" ind2="0">
    <subfield code="a">Trucco, Terry.</subfield>
    <subfield code="t">Terry Trucco's where to find it</subfield>
  </datafield>
  <datafield tag="670" ind1=" " ind2=" ">
    <subfield code="a">Terry Trucco's where to find it, c1996.</subfield>
  </datafield>
</record>